
@online{krausHybrid,
    author    = "Roi Kraus",
    title     = "From Native To Hybrid App Development And Back",
    url       = "https://techcrunch.com/2015/11/19/lessons-in-switching-from-native-to-hybrid-app-development-and-back/",
    month = 11,
    year = {2015},
    keywords  = "hybrid"   
}

@online{ionic2Anounce,
    author    = "Brandy Carney",
    title     = "Announcing Ionic 2, RC 2!",
    url       = "http://blog.ionic.io/announcing-ionic-2-rc-2/",
    month = 11,
    year = {2016},
    keywords  = "ionic"   
}

@online{mobileStat,
    title     = "Top 8 Mobile Operating Systems from Nov 2015 to Oct 2016",
    url       = "http://gs.statcounter.com/#mobile_os-ww-monthly-201511-201610-bar",
    month = 11,
    year = {2016},
    keywords  = "mobileSystems"   
}

@online{appleReview,
    author    = "Apple Inc.",
    title     = "App Review Guidelines",
    url       = "https://developer.apple.com/app-store/review/",
    month = 11,
    year = {2016},
    keywords  = "apple"   
}

@online{safariRef,
    author    = "Apple Inc.",
    title     = "Safari HTML Reference",
    url       = "https://developer.apple.com/library/content/documentation/AppleApplications/Reference/SafariHTMLRef/Articles/MetaTags.html",
    month = 11,
    year = {2016},
    keywords  = "webapp"   
}

@online{browserGPS,
    author    = "Andrei Popescu",
    title     = "Geolocation API Specification",
    url       = "http://www.w3.org/TR/geolocation-API/",
    month = 11,
    year = {2016},
    keywords  = "webapp"   
}

@online{uiWebView,
    author    = "Apple Inc.",
    title     = "UIWebView Class Reference",
    url       = "https://developer.apple.com/reference/uikit/uiwebview",
    month = 11,
    year = {2016},
    keywords  = "apple"   
}

@online{adobePhoneGap,
    author    = "Adobe Systems",
    title     = "Adobe Announces Agreement to Acquire Nitobi, Creator of PhoneGap",
    url       = "http://www.adobe.com/aboutadobe/pressroom/pressreleases/201110/AdobeAcquiresNitobi.html",
    month = 11,
    year = {2011},
    keywords  = "adobe"   
}

@online{cordovaSupportedPlatforms,
    author    = "Apache Software Foundation",
    title     = "Apache Cordova - Supported Platforms",
    url       = "https://cordova.apache.org/#supported_platforms_section",
    month = 11,
    year = {2016},
    keywords  = "cordova"   
}

@online{cordovaApplicationArchitecture,
    author    = "Apache Software Foundation",
    title     = "Apache Cordova - Architecture",
    url       = "https://cordova.apache.org/docs/en/latest/guide/overview/index.html",
    month = 11,
    year = {2016},
    keywords  = "cordova"   
}

@online{MoronyAngularAndIonicConcepts,
    author    = "Josh Morony",
    title     = "Ionic 2 First Look Series: New Angular 2 Concepts \& Syntax",
    url       = "http://www.joshmorony.com/ionic-2-first-look-series-new-angular-2-concepts-syntax",
    month = 11,
    year = {2015},
    keywords  = "ionic"   
}

@online{BumbDifferencesAngular1AndAngular2,
    author    = "Mohit Bumb",
    title     = "7 key differences between Angular 1 and Angular 2",
    url       = "http://bindasmonkeys.com/7-key-differences-angular-1-angular-2-code-examples",
    month = 11,
    year = {2016},
    keywords  = "angular"   
}


@online{ionic2Docu,
    author    = "Ionic",
    title     = "Ionic v2 docs",
    url       = "https://ionicframework.com/docs/v2",
    month = 11,
    year = {2016},
    keywords  = "ionic"   
}

@online{LynchAngularComponents,
    author    = "Max Lynch",
    title     = "Angular 2 Series: Components",
    url       = "http://blog.ionic.io/angular-2-series-components",
    month = 4,
    year = {2015},
    keywords  = "angular"   
}

@online{angularDocuBasicArchitecture,
    title     = "The basic building blocks of Angular applications",
    url       = "https://angular.io/docs/ts/latest/guide/architecture.html",
    month = 11,
    year = {2016},
    keywords  = "angular"   
}

@online{DodsonGuideToWebComponents,
    author    = "Rob Dodson",
    title     = "A Guide to Web Components",
    url       = "https://css-tricks.com/modular-future-web-components",
    month = 5,
    year = {2014},
    keywords  = "angular"   
}

@online{PrechtAngularTemplateSyntax,
    author    = "Pascal Precht",
    title     = "Angular 2 Template syntax demystified",
    url       = "http://blog.thoughtram.io/angular/2015/08/11/angular-2-template-syntax-demystified-part-1.html",
    month = 11,
    year = {2016},
    keywords  = "angular"   
}

@online{CrossleyCordovaAppleWatchPlugin,
    author    = "Lee Crossley",
    title     = "Apple Watch Plugin for Apache Cordova",
    url       = "https://github.com/leecrossley/cordova-plugin-apple-watch",
    month = 11,
    year = {2016},
    keywords  = "Apple watch"   
}

@online{strategyAnalyticsMarktanteile,
    author    = "Linda Sui",
    title     = "Strategy Analytics: Android Captures Record 88 Percent Share of Global Smartphone Shipments in Q3 2016",
    url       = "https://www.strategyanalytics.com/strategy-analytics/news/strategy-analytics-press-releases/strategy-analytics-press-release/2016/11/02/strategy-analytics-android-captures-record-88-percent-share-of-global-smartphone-shipments-in-q3-2016#.WDcRtObhCUm",
    month = 11,
    year = {2016},
    keywords  = "marktanteile"   
}

@online{gitMMWormhole,
    author    = "Mutual Mobile",
    title     = "MMWormhole",
    url       = "https://github.com/mutualmobile/MMWormhole",
    month = 11,
    year = {2015},
    keywords  = "MMWormhole"   
}


% -------------------------------------------------------------------
% Sample Database:
@article{einstein,
  author =       "Albert Einstein",
  title =        "{Zur Elektrodynamik bewegter K{\"o}rper}. ({German})
                 [{On} the electrodynamics of moving bodies]",
  journal =      "Annalen der Physik",
  volume =       "322",
  number =       "10",
  pages =        "891--921",
  year =         "1905",
  DOI =          "http://dx.doi.org/10.1002/andp.19053221004",
  keywords =     "physics"
}

@book{dirac,
  title={The Principles of Quantum Mechanics},
  author={Paul Adrien Maurice Dirac},
  isbn={9780198520115},
  series={International series of monographs on physics},
  year={1981},
  publisher={Clarendon Press},
  keywords = {physics}
}

@book{latexcompanion,
    author    = "Michel Goossens and Frank Mittelbach and Alexander Samarin",
    title     = "The \LaTeX\ Companion",
    year      = "1993",
    publisher = "Addison-Wesley",
    address   = "Reading, Massachusetts",
    keywords  = "latex"
}
 
@online{knuthwebsite,
    author    = "Donald Knuth",
    title     = "Knuth: Computers and Typesetting",
    url       = "http://www-cs-faculty.stanford.edu/~uno/abcde.html",
    keywords  = "latex,knuth"
}

@inbook{knuth-fa,
   author = "Donald E. Knuth",
   title = "Fundamental Algorithms",
   publisher = "Addison-Wesley",
   year = "1973",
   chapter = "1.2",
   keywords  = "knuth,programming"
}

@book{knuth-acp,
   author = "Donald E. Knuth",
   publisher = "Addison-Wesley",
   title = "The Art of Computer Programming",
   series = "Four volumes",
   year = "1968",
   note = "Seven volumes planned",
   keywords  = "knuth,programming"
}

@article{ctan,
    author  = "George D. Greenwade",
    title   = "The {C}omprehensive {T}ex {A}rchive {N}etwork ({CTAN})",
    year    = "1993",
    journal = "TUGBoat",
    volume  = "14",
    number  = "3",
    pages   = "342--351",
    keywords  = "latex"
}